@book{white2011fluid,
  title={Fluid Mechanics},
  author={White, F.M.},
  isbn={9780073529349},
  lccn={2010481187},
  series={McGraw-Hill series in mechanical engineering},
  url={https://books.google.com.au/books?id=egk8SQAACAAJ},
  year={2011},
  publisher={McGraw Hill}
}

@report{NASATables,
  title={Equations, tables and charts for compressible flow},
  author={NACA},
  type={},
  institution={Ames Aeronautical Laboratory},
  year={1953},
  number={1135}
}
